@MISC{www:primeair,
howpublished = {\url{http://www.amazon.com/b?node=8037720011}},
author = {Amazon},
title = {{P}rime {A}ir},
month = June,
year = {2015},
}

@MISC{www:lily,
author = {Lily},
title = {{L}ily},
month = June,
year = {2015},
howpublished = {\url{https://www.lily.camera}}
}

@MISC{www:agribotix,
author = {Agribotix},
title = {{E}nduro {Q}uad},
month = June,
year = {2015},
howpublished = {\url{http://www.agribotix.com}}
}

@MISC{www:sensefly,
author = {senseFly},
title = {e{X}om},
month = June,
year = {2015},
howpublished = {\url{https://www.sensefly.com/drones/exom.html}}
}

@MISC{www:3drobotics,
author = {3DR},
title = {{S}pektre},
month = June,
year = {2015},
howpublished = {\url{http://www.3drobotics.com/2015/03/sneak-peek-3dr-spektre-industrial-inspection-drone/}}
}

